@online{kubernetes,
  author = {Kubernetes},
  year = {2023},
  url = {https://kubernetes.io/docs/home/},
  urldate = {2023-01-01},
  title = {Kubernetes Documentation},
}

@article{argon2,
  author = {Alex Biryukov and Daniel Dinu and Dmitry Khovratovich},
  title = {Argon2: the memory-hard function for password hashing and other
           applications},
  year = {2017},
  url = {https://github.com/P-H-C/phc-winner-argon2/blob/master/argon2-specs.pdf
         },
}

@online{knative,
  author = {Knative},
  url = {https://knative.dev/docs/},
  year = {2023},
  urldate = {2023-01-01},
  title = {Knative Documentation},
}

@online{istio,
  author = {Istio},
  url = {https://istio.io/docs},
  year = {2023},
  urldate = {2023-01-01},
  title = {Istio Documentation},
}

@online{cert-manager,
  author = {Cert Manager},
  url = {https://cert-manager.io/docs/},
  year = {2023},
  urldate = {2023-01-01},
  title = {Cert Manager Documentation},
}
